
@article{agarwal2011,
	Author = {G. S. Agarwal and M. S. Kim},
	Date-Added = {2012-07-13 19:48:14 +0000},
	Date-Modified = {2012-07-13 19:49:09 +0000},
	Journal = {arXiv:1109.3905},
	Title = {Squeezed states of quadratically kicked nanomechanical oscillators},
	Year = {2011}}

@article{li2012,
	Author = {Hao-Kun Li and Yong-Chun Liu and Xu Yi and Chang-Ling Zou and Xue-Xin Ren and Yun-Feng Xiao},
	Date-Added = {2012-07-13 19:46:25 +0000},
	Date-Modified = {2012-07-13 19:47:44 +0000},
	Journal = {Phys. Rev. A},
	Number = {5},
	Pages = {053832},
	Title = {Proposal for a near-field optomechanical system with enhanced linear and quadratic coupling},
	Volume = {85},
	Year = {2012}}

@article{howard1991,
	Author = {H. J. Carmichael and R. J. Brecha and P. R. Rice},
	Date-Added = {2012-07-12 08:05:20 +0000},
	Date-Modified = {2012-07-12 08:06:18 +0000},
	Journal = {Opt. Comm.},
	Number = {1,2},
	Pages = {73-79},
	Title = {Quantum interference and collapse of the wavefunction in cavity QED},
	Volume = {82},
	Year = {1991}}

@mastersthesis{leach2003,
	Author = {Joseph R. Leach},
	Date-Added = {2012-07-12 07:01:17 +0000},
	Date-Modified = {2012-07-12 07:02:21 +0000},
	School = {Miami University},
	Title = {Photon Statistics and Field-Intensity Correlation of a Cavity QED System with External Potentials},
	Year = {2003}}

@article{brecha1999,
	Author = {R. J. Brecha and P. R. Rice and M. Xiao},
	Date-Added = {2012-07-11 23:38:30 +0000},
	Date-Modified = {2012-07-11 23:39:32 +0000},
	Journal = {Phys. Rev. A},
	Number = {3},
	Pages = {2392-2417},
	Title = {N two-level atoms in a driven optical cavity: Quantum dynamics of forward photon scattering for weak incident fields},
	Volume = {59},
	Year = {1999}}

@article{thompson1992,
	Author = {R. J. Thompson and G. Rempe and H. J. Kimble},
	Date-Added = {2012-07-11 23:34:50 +0000},
	Date-Modified = {2012-07-11 23:35:32 +0000},
	Journal = {Phys. Rev. Lett.},
	Number = {8},
	Pages = {1132-1135},
	Title = {Observation of normal-mode splitting for an atom in an optical cavity},
	Volume = {68},
	Year = {1992}}

@article{agarwal1984,
	Author = {G. S. Agarwal},
	Date-Added = {2012-07-11 23:33:14 +0000},
	Date-Modified = {2012-07-11 23:33:56 +0000},
	Journal = {Phys. Rev. Lett.},
	Number = {18},
	Pages = {1732-1734},
	Title = {Vacuum-Field Rabi Splittings in Microwave Absorption by Rydberg Atoms in a Cavity},
	Volume = {53},
	Year = {1984}}

@article{mondragon1983,
	Author = {J. J. Sanchez-Mondragon and N. B. Narozhny and J. H. Eberly},
	Date-Added = {2012-07-11 23:30:38 +0000},
	Date-Modified = {2012-07-11 23:31:46 +0000},
	Journal = {Phys. Rev. Lett.},
	Number = {7},
	Pages = {550-553},
	Title = {Theory of Spontaneous-Emission Line Shape in an Ideal Cavity},
	Volume = {51},
	Year = {1983}}

@article{kimble2009,
	Author = {K. Hammerer and M. Wallquist and C. Genes and M. Ludwig and F. Marquardt and P. Treutlein and P. Zoller and J. Ye and H. J. Kimble},
	Date-Added = {2012-07-11 09:04:21 +0000},
	Date-Modified = {2012-07-11 09:06:02 +0000},
	Journal = {Phys. Rev. Lett.},
	Number = {6},
	Pages = {063005},
	Title = {Strong Coupling of a Mechanical Oscillator and a Single Atom},
	Volume = {103},
	Year = {2009}}

@article{girvin2011,
	Author = {A. Nunnenkamp and K. B{\o}rkje and S. M. Girvin},
	Date-Added = {2012-07-09 20:20:59 +0000},
	Date-Modified = {2012-07-09 20:21:52 +0000},
	Journal = {Phys. Rev. Lett.},
	Number = {6},
	Pages = {063602},
	Title = {Single-Photon Optomechanics},
	Volume = {107},
	Year = {2011}}

@book{howard2,
	Author = {H. J. Carmichael},
	Date-Added = {2012-07-08 04:39:27 +0000},
	Date-Modified = {2012-07-08 04:40:09 +0000},
	Publisher = {Springer-Verlag},
	Title = {Statistical Methods in Quantum Optics 2: Non-Classical Fields},
	Year = {2008}}

@book{howard1,
	Author = {H. J. Carmichael},
	Date-Added = {2012-07-08 04:37:20 +0000},
	Date-Modified = {2012-07-08 04:38:59 +0000},
	Edition = {2nd},
	Publisher = {Springer-Verlag},
	Title = {Statistical Methods in Quantum Optics 1: Master Equations and Fokker-Planck Equations},
	Year = {2002}}

@book{phasespace,
	Author = {Wolfgang P. Schleich},
	Date-Added = {2012-07-08 04:03:58 +0000},
	Date-Modified = {2012-07-08 04:04:36 +0000},
	Publisher = {Wiley-VCH},
	Title = {Quantum Optics in Phase Space},
	Year = {2001}}

@article{shor1999,
	Author = {Peter W. Shor},
	Date-Added = {2012-07-08 03:52:12 +0000},
	Date-Modified = {2012-07-08 03:53:23 +0000},
	Journal = {SIAM Rev.},
	Number = {2},
	Pages = {303-332},
	Title = {Polynomial-Time Algorithms for Prime Factorization and Discrete Logarithms on a Quantum Computer},
	Volume = {41},
	Year = {1999}}

@article{einstein1917,
	Author = {Albert Einstein},
	Date-Added = {2012-07-08 03:33:47 +0000},
	Date-Modified = {2012-07-08 03:35:23 +0000},
	Journal = {Phys. Z.},
	Number = {121},
	Title = {On the Quantum Theory of Radiation},
	Volume = {18},
	Year = {1917}}

@article{qutipref,
	Author = {J. R. Johansson and P. D. Nation and Franco Nori},
	Date-Added = {2012-06-27 20:58:19 +0000},
	Date-Modified = {2012-06-27 20:59:48 +0000},
	Journal = {Comp. Phys. Comm.},
	Number = {8},
	Pages = {1760-1772},
	Title = {QuTiP: An open-source Python framework for the dynamics of open quantum systems},
	Volume = {183},
	Year = {2012}}

@article{corbitt2007,
	Author = {T. Corbitt and Y. B. Chen and E. Innerhofer and H. Muller-Ebhardt and D. Ottaway and H. Rehbein and D. Sigg and S. Whitcomb and C. Wipf and N. Mavalvala},
	Date-Added = {2012-06-27 06:38:24 +0000},
	Date-Modified = {2012-06-27 06:39:49 +0000},
	Journal = {Phys. Rev. Lett.},
	Number = {15},
	Pages = {150802},
	Title = {An all-optical trap for a gram-scale mirror},
	Volume = {98},
	Year = {2007}}

@article{thompson2007,
	Author = {J. D. Thompson and B. M. Zwickl and A. M. Yarich and F. Marquardt and S. M. Girvin and J. Harris},
	Date-Added = {2012-06-27 06:34:54 +0000},
	Date-Modified = {2012-06-27 06:36:58 +0000},
	Journal = {arXiv:0707.1724},
	Title = {Strong dispersive coupling of a high finesse cavity to a micromechanical membrane},
	Year = {2007}}

@article{schliesser2006,
	Author = {A. Schliesser and P. Del'Haye and N. Nooshi and K. J. Vahala and T. J. Kippenberg},
	Date-Added = {2012-06-27 06:31:49 +0000},
	Date-Modified = {2012-06-27 06:33:35 +0000},
	Journal = {Phys. Rev. Lett.},
	Number = {24},
	Pages = {243905},
	Title = {Radiation pressure cooling of a micromechanical oscillator using dynamical backaction},
	Volume = {97},
	Year = {2006}}

@article{kippenberg2005,
	Author = {T. J. Kippenberg and H. Rokhsari and T. Carmon and A. Scherer and K. J. Vahala},
	Date-Added = {2012-06-27 06:29:32 +0000},
	Date-Modified = {2012-06-27 06:31:38 +0000},
	Journal = {Phys. Rev. Lett.},
	Number = {3},
	Pages = {033901},
	Title = {Analysis of Radiation-Pressure Induced Mechanical Oscillation of an Optical Microcavity},
	Volume = {95},
	Year = {2005}}

@article{gigan2006,
	Author = {S. Gigan and H. R. Bohm and M. Paternostro and F. Blaser and G. Langer and J. B. Hertzberg and K. C. Schwab and D. Bauerle and M. Aspelmeyer and A. Zeilinger},
	Date-Added = {2012-06-27 06:24:39 +0000},
	Date-Modified = {2012-06-27 06:26:05 +0000},
	Journal = {Nature},
	Number = {7115},
	Pages = {67-70},
	Title = {Self-cooling of a micromirror by radiation pressure},
	Volume = {444},
	Year = {2006}}

@article{arcizet2006,
	Author = {O. Arcizet and P.-F. Cohadon and T. Briant and M. Pinard and A. Heidmann},
	Date-Added = {2012-06-27 06:22:55 +0000},
	Date-Modified = {2012-06-27 06:24:21 +0000},
	Journal = {Nature},
	Number = {7115},
	Pages = {71-74},
	Title = {Radiation-pressure cooling and optomechanical instability of a micromirror},
	Volume = {444},
	Year = {2006}}

@article{kleckner2006,
	Author = {Dustin Kleckner and Dirk Bouwmeester},
	Date-Added = {2012-06-27 06:17:35 +0000},
	Date-Modified = {2012-06-27 06:19:43 +0000},
	Journal = {Nature},
	Number = {7115},
	Pages = {75-78},
	Title = {Sub-kelvin optical cooling of a micromechanical resonator},
	Volume = {444},
	Year = {2006}}

@article{kippenberg2007,
	Author = {T. J. Kippenberg and K. J. Vahala},
	Date-Added = {2012-06-27 05:24:25 +0000},
	Date-Modified = {2012-06-27 05:25:46 +0000},
	Journal = {Optics Express},
	Number = {25},
	Pages = {17172-17205},
	Title = {Cavity Opto-Mechanics},
	Volume = {15},
	Year = {2007}}

@mastersthesis{charliethesis,
	Author = {Charles H. Baldwin},
	Date-Added = {2012-06-26 23:32:08 +0000},
	Date-Modified = {2012-07-11 14:52:11 +0000},
	School = {Miami University},
	Title = {Cavity QED with Center of Mass Tunneling},
	Year = {2011}}

@book{quantcompinfo,
	Author = {Michael A. Nielsen and Isaac L. Chuang},
	Date-Added = {2012-06-26 23:02:47 +0000},
	Date-Modified = {2012-06-26 23:03:46 +0000},
	Edition = {1st},
	Publisher = {Cambridge University Press},
	Title = {Quantum Computation and Quantum Information},
	Year = {2004}}

@phdthesis{sensing,
	Author = {Sean DuCharme Huver},
	Date-Added = {2012-06-26 22:59:28 +0000},
	Date-Modified = {2012-06-26 23:00:33 +0000},
	Month = {May},
	School = {Louisiana State University},
	Title = {Quantum Optical Improvements in Metrology, Sensing, and Lithography},
	Year = {2009}}

@book{quantopt,
	Author = {D. F. Walls and Gerard J. Milburn},
	Date-Added = {2012-06-26 22:46:42 +0000},
	Date-Modified = {2012-06-26 22:47:37 +0000},
	Edition = {2nd},
	Publisher = {Springer-Verlag},
	Title = {Quantum Optics},
	Year = {2008}}

@article{cooltrap,
	Author = {Claude N. Cohen-Tannoudji and William D. Phillips},
	Date-Added = {2012-06-26 22:42:01 +0000},
	Date-Modified = {2012-06-26 22:42:58 +0000},
	Journal = {Physics Today},
	Month = {October},
	Number = {10},
	Pages = {33},
	Title = {New Mechanisms for Laser Cooling},
	Volume = {43},
	Year = {1990}}

@article{optlattice,
	Author = {Erling Riis},
	Date-Added = {2012-06-26 22:33:29 +0000},
	Date-Modified = {2012-06-26 22:36:41 +0000},
	Journal = {Phys. Rev. A},
	Number = {2},
	Pages = {R920-R923},
	Title = {Motion of laser-cooled atoms in an optical potential},
	Volume = {52},
	Year = {1995}}
